@article{sauer2023active,
  title={Active learning for deep Gaussian process surrogates},
  author={Sauer, Annie and Gramacy, Robert B and Higdon, David},
  journal={Technometrics},
  volume={65},
  number={1},
  pages={4--18},
  year={2023},
  publisher={Taylor \& Francis}
}
